%YAML 1.1
%TAG !u! tag:unity3d.com,2011:
--- !u!1 &2962261313390255746
GameObject:
  m_ObjectHideFlags: 0
  m_CorrespondingSourceObject: {fileID: 0}
  m_PrefabInstance: {fileID: 0}
  m_PrefabAsset: {fileID: 0}
  serializedVersion: 6
  m_Component:
  - component: {fileID: 2962261313390255744}
  - component: {fileID: 2962261313390255751}
  - component: {fileID: 2962261313390255745}
  m_Layer: 0
  m_Name: arousal-lights
  m_TagString: Untagged
  m_Icon: {fileID: 0}
  m_NavMeshLayer: 0
  m_StaticEditorFlags: 0
  m_IsActive: 1
--- !u!4 &2962261313390255744
Transform:
  m_ObjectHideFlags: 0
  m_CorrespondingSourceObject: {fileID: 0}
  m_PrefabInstance: {fileID: 0}
  m_PrefabAsset: {fileID: 0}
  m_GameObject: {fileID: 2962261313390255746}
  m_LocalRotation: {x: 0, y: 0, z: 0, w: 1}
  m_LocalPosition: {x: 0, y: 0, z: 0}
  m_LocalScale: {x: 1, y: 1, z: 1}
  m_Children:
  - {fileID: 4533217929231279039}
  - {fileID: 4533217928080307897}
  - {fileID: 4533217929141791277}
  - {fileID: 4533217928065310721}
  - {fileID: 4533217928929980967}
  - {fileID: 4533217928071786185}
  - {fileID: 4533217928339590962}
  m_Father: {fileID: 0}
  m_RootOrder: 0
  m_LocalEulerAnglesHint: {x: 0, y: 0, z: 0}
--- !u!114 &2962261313390255751
MonoBehaviour:
  m_ObjectHideFlags: 0
  m_CorrespondingSourceObject: {fileID: 0}
  m_PrefabInstance: {fileID: 0}
  m_PrefabAsset: {fileID: 0}
  m_GameObject: {fileID: 2962261313390255746}
  m_Enabled: 1
  m_EditorHideFlags: 0
  m_Script: {fileID: 11500000, guid: 221a7364c1d72e44baedcf59d1c4508a, type: 3}
  m_Name: 
  m_EditorClassIdentifier: 
  Awaking:
    m_PersistentCalls:
      m_Calls:
      - m_Target: {fileID: 2962261313390255745}
        m_MethodName: ActivateLights
        m_Mode: 3
        m_Arguments:
          m_ObjectArgument: {fileID: 0}
          m_ObjectArgumentAssemblyTypeName: UnityEngine.Object, UnityEngine
          m_IntArgument: 3
          m_FloatArgument: 0
          m_StringArgument: 
          m_BoolArgument: 0
        m_CallState: 2
--- !u!114 &2962261313390255745
MonoBehaviour:
  m_ObjectHideFlags: 0
  m_CorrespondingSourceObject: {fileID: 0}
  m_PrefabInstance: {fileID: 0}
  m_PrefabAsset: {fileID: 0}
  m_GameObject: {fileID: 2962261313390255746}
  m_Enabled: 1
  m_EditorHideFlags: 0
  m_Script: {fileID: 11500000, guid: 8fb1dbbee86538146b4d1b2d78527895, type: 3}
  m_Name: 
  m_EditorClassIdentifier: 
  OnSprite: {fileID: 21300000, guid: 0e90659476f217e43a577319318b9165, type: 3}
  Lights:
  - {fileID: 4477514505542321272}
  - {fileID: 4477514504383091070}
  - {fileID: 4477514505368948202}
  - {fileID: 4477514504292435910}
  - {fileID: 4477514505173915104}
  - {fileID: 4477514504391346446}
  - {fileID: 4477514504659036405}
--- !u!1001 &2962261312260910667
PrefabInstance:
  m_ObjectHideFlags: 0
  serializedVersion: 2
  m_Modification:
    m_TransformParent: {fileID: 2962261313390255744}
    m_Modifications:
    - target: {fileID: 1726331421474756850, guid: ae2d1b2b144efd44d869a91a9665dfae,
        type: 3}
      propertyPath: m_LocalPosition.x
      value: -33
      objectReference: {fileID: 0}
    - target: {fileID: 1726331421474756850, guid: ae2d1b2b144efd44d869a91a9665dfae,
        type: 3}
      propertyPath: m_LocalPosition.y
      value: 22.6
      objectReference: {fileID: 0}
    - target: {fileID: 1726331421474756850, guid: ae2d1b2b144efd44d869a91a9665dfae,
        type: 3}
      propertyPath: m_LocalPosition.z
      value: 0
      objectReference: {fileID: 0}
    - target: {fileID: 1726331421474756850, guid: ae2d1b2b144efd44d869a91a9665dfae,
        type: 3}
      propertyPath: m_LocalRotation.x
      value: -0
      objectReference: {fileID: 0}
    - target: {fileID: 1726331421474756850, guid: ae2d1b2b144efd44d869a91a9665dfae,
        type: 3}
      propertyPath: m_LocalRotation.y
      value: -0
      objectReference: {fileID: 0}
    - target: {fileID: 1726331421474756850, guid: ae2d1b2b144efd44d869a91a9665dfae,
        type: 3}
      propertyPath: m_LocalRotation.z
      value: -0
      objectReference: {fileID: 0}
    - target: {fileID: 1726331421474756850, guid: ae2d1b2b144efd44d869a91a9665dfae,
        type: 3}
      propertyPath: m_LocalRotation.w
      value: 1
      objectReference: {fileID: 0}
    - target: {fileID: 1726331421474756850, guid: ae2d1b2b144efd44d869a91a9665dfae,
        type: 3}
      propertyPath: m_RootOrder
      value: 1
      objectReference: {fileID: 0}
    - target: {fileID: 1726331421474756850, guid: ae2d1b2b144efd44d869a91a9665dfae,
        type: 3}
      propertyPath: m_LocalEulerAnglesHint.x
      value: 0
      objectReference: {fileID: 0}
    - target: {fileID: 1726331421474756850, guid: ae2d1b2b144efd44d869a91a9665dfae,
        type: 3}
      propertyPath: m_LocalEulerAnglesHint.y
      value: 0
      objectReference: {fileID: 0}
    - target: {fileID: 1726331421474756850, guid: ae2d1b2b144efd44d869a91a9665dfae,
        type: 3}
      propertyPath: m_LocalEulerAnglesHint.z
      value: 0
      objectReference: {fileID: 0}
    - target: {fileID: 5641778806470054363, guid: ae2d1b2b144efd44d869a91a9665dfae,
        type: 3}
      propertyPath: m_Name
      value: groin-arousal-light (1)
      objectReference: {fileID: 0}
    m_RemovedComponents: []
  m_SourcePrefab: {fileID: 100100000, guid: ae2d1b2b144efd44d869a91a9665dfae, type: 3}
--- !u!4 &4533217928080307897 stripped
Transform:
  m_CorrespondingSourceObject: {fileID: 1726331421474756850, guid: ae2d1b2b144efd44d869a91a9665dfae,
    type: 3}
  m_PrefabInstance: {fileID: 2962261312260910667}
  m_PrefabAsset: {fileID: 0}
--- !u!212 &4477514504383091070 stripped
SpriteRenderer:
  m_CorrespondingSourceObject: {fileID: 1675131528685322037, guid: ae2d1b2b144efd44d869a91a9665dfae,
    type: 3}
  m_PrefabInstance: {fileID: 2962261312260910667}
  m_PrefabAsset: {fileID: 0}
--- !u!1001 &2962261312270218811
PrefabInstance:
  m_ObjectHideFlags: 0
  serializedVersion: 2
  m_Modification:
    m_TransformParent: {fileID: 2962261313390255744}
    m_Modifications:
    - target: {fileID: 1726331421474756850, guid: ae2d1b2b144efd44d869a91a9665dfae,
        type: 3}
      propertyPath: m_LocalPosition.x
      value: 4.14
      objectReference: {fileID: 0}
    - target: {fileID: 1726331421474756850, guid: ae2d1b2b144efd44d869a91a9665dfae,
        type: 3}
      propertyPath: m_LocalPosition.y
      value: 9.68
      objectReference: {fileID: 0}
    - target: {fileID: 1726331421474756850, guid: ae2d1b2b144efd44d869a91a9665dfae,
        type: 3}
      propertyPath: m_LocalPosition.z
      value: 0
      objectReference: {fileID: 0}
    - target: {fileID: 1726331421474756850, guid: ae2d1b2b144efd44d869a91a9665dfae,
        type: 3}
      propertyPath: m_LocalRotation.x
      value: -0
      objectReference: {fileID: 0}
    - target: {fileID: 1726331421474756850, guid: ae2d1b2b144efd44d869a91a9665dfae,
        type: 3}
      propertyPath: m_LocalRotation.y
      value: -0
      objectReference: {fileID: 0}
    - target: {fileID: 1726331421474756850, guid: ae2d1b2b144efd44d869a91a9665dfae,
        type: 3}
      propertyPath: m_LocalRotation.z
      value: -0
      objectReference: {fileID: 0}
    - target: {fileID: 1726331421474756850, guid: ae2d1b2b144efd44d869a91a9665dfae,
        type: 3}
      propertyPath: m_LocalRotation.w
      value: 1
      objectReference: {fileID: 0}
    - target: {fileID: 1726331421474756850, guid: ae2d1b2b144efd44d869a91a9665dfae,
        type: 3}
      propertyPath: m_RootOrder
      value: 5
      objectReference: {fileID: 0}
    - target: {fileID: 1726331421474756850, guid: ae2d1b2b144efd44d869a91a9665dfae,
        type: 3}
      propertyPath: m_LocalEulerAnglesHint.x
      value: 0
      objectReference: {fileID: 0}
    - target: {fileID: 1726331421474756850, guid: ae2d1b2b144efd44d869a91a9665dfae,
        type: 3}
      propertyPath: m_LocalEulerAnglesHint.y
      value: 0
      objectReference: {fileID: 0}
    - target: {fileID: 1726331421474756850, guid: ae2d1b2b144efd44d869a91a9665dfae,
        type: 3}
      propertyPath: m_LocalEulerAnglesHint.z
      value: 0
      objectReference: {fileID: 0}
    - target: {fileID: 5641778806470054363, guid: ae2d1b2b144efd44d869a91a9665dfae,
        type: 3}
      propertyPath: m_Name
      value: groin-arousal-light (5)
      objectReference: {fileID: 0}
    m_RemovedComponents: []
  m_SourcePrefab: {fileID: 100100000, guid: ae2d1b2b144efd44d869a91a9665dfae, type: 3}
--- !u!4 &4533217928071786185 stripped
Transform:
  m_CorrespondingSourceObject: {fileID: 1726331421474756850, guid: ae2d1b2b144efd44d869a91a9665dfae,
    type: 3}
  m_PrefabInstance: {fileID: 2962261312270218811}
  m_PrefabAsset: {fileID: 0}
--- !u!212 &4477514504391346446 stripped
SpriteRenderer:
  m_CorrespondingSourceObject: {fileID: 1675131528685322037, guid: ae2d1b2b144efd44d869a91a9665dfae,
    type: 3}
  m_PrefabInstance: {fileID: 2962261312270218811}
  m_PrefabAsset: {fileID: 0}
--- !u!1001 &2962261312347502835
PrefabInstance:
  m_ObjectHideFlags: 0
  serializedVersion: 2
  m_Modification:
    m_TransformParent: {fileID: 2962261313390255744}
    m_Modifications:
    - target: {fileID: 1726331421474756850, guid: ae2d1b2b144efd44d869a91a9665dfae,
        type: 3}
      propertyPath: m_LocalPosition.x
      value: 5.4
      objectReference: {fileID: 0}
    - target: {fileID: 1726331421474756850, guid: ae2d1b2b144efd44d869a91a9665dfae,
        type: 3}
      propertyPath: m_LocalPosition.y
      value: -21.1
      objectReference: {fileID: 0}
    - target: {fileID: 1726331421474756850, guid: ae2d1b2b144efd44d869a91a9665dfae,
        type: 3}
      propertyPath: m_LocalPosition.z
      value: 0
      objectReference: {fileID: 0}
    - target: {fileID: 1726331421474756850, guid: ae2d1b2b144efd44d869a91a9665dfae,
        type: 3}
      propertyPath: m_LocalRotation.x
      value: -0
      objectReference: {fileID: 0}
    - target: {fileID: 1726331421474756850, guid: ae2d1b2b144efd44d869a91a9665dfae,
        type: 3}
      propertyPath: m_LocalRotation.y
      value: -0
      objectReference: {fileID: 0}
    - target: {fileID: 1726331421474756850, guid: ae2d1b2b144efd44d869a91a9665dfae,
        type: 3}
      propertyPath: m_LocalRotation.z
      value: -0
      objectReference: {fileID: 0}
    - target: {fileID: 1726331421474756850, guid: ae2d1b2b144efd44d869a91a9665dfae,
        type: 3}
      propertyPath: m_LocalRotation.w
      value: 1
      objectReference: {fileID: 0}
    - target: {fileID: 1726331421474756850, guid: ae2d1b2b144efd44d869a91a9665dfae,
        type: 3}
      propertyPath: m_RootOrder
      value: 3
      objectReference: {fileID: 0}
    - target: {fileID: 1726331421474756850, guid: ae2d1b2b144efd44d869a91a9665dfae,
        type: 3}
      propertyPath: m_LocalEulerAnglesHint.x
      value: 0
      objectReference: {fileID: 0}
    - target: {fileID: 1726331421474756850, guid: ae2d1b2b144efd44d869a91a9665dfae,
        type: 3}
      propertyPath: m_LocalEulerAnglesHint.y
      value: 0
      objectReference: {fileID: 0}
    - target: {fileID: 1726331421474756850, guid: ae2d1b2b144efd44d869a91a9665dfae,
        type: 3}
      propertyPath: m_LocalEulerAnglesHint.z
      value: 0
      objectReference: {fileID: 0}
    - target: {fileID: 5641778806470054363, guid: ae2d1b2b144efd44d869a91a9665dfae,
        type: 3}
      propertyPath: m_Name
      value: groin-arousal-light (3)
      objectReference: {fileID: 0}
    m_RemovedComponents: []
  m_SourcePrefab: {fileID: 100100000, guid: ae2d1b2b144efd44d869a91a9665dfae, type: 3}
--- !u!4 &4533217928065310721 stripped
Transform:
  m_CorrespondingSourceObject: {fileID: 1726331421474756850, guid: ae2d1b2b144efd44d869a91a9665dfae,
    type: 3}
  m_PrefabInstance: {fileID: 2962261312347502835}
  m_PrefabAsset: {fileID: 0}
--- !u!212 &4477514504292435910 stripped
SpriteRenderer:
  m_CorrespondingSourceObject: {fileID: 1675131528685322037, guid: ae2d1b2b144efd44d869a91a9665dfae,
    type: 3}
  m_PrefabInstance: {fileID: 2962261312347502835}
  m_PrefabAsset: {fileID: 0}
--- !u!1001 &2962261312534747072
PrefabInstance:
  m_ObjectHideFlags: 0
  serializedVersion: 2
  m_Modification:
    m_TransformParent: {fileID: 2962261313390255744}
    m_Modifications:
    - target: {fileID: 1726331421474756850, guid: ae2d1b2b144efd44d869a91a9665dfae,
        type: 3}
      propertyPath: m_LocalPosition.x
      value: -10.5
      objectReference: {fileID: 0}
    - target: {fileID: 1726331421474756850, guid: ae2d1b2b144efd44d869a91a9665dfae,
        type: 3}
      propertyPath: m_LocalPosition.y
      value: -4.9
      objectReference: {fileID: 0}
    - target: {fileID: 1726331421474756850, guid: ae2d1b2b144efd44d869a91a9665dfae,
        type: 3}
      propertyPath: m_LocalPosition.z
      value: 0
      objectReference: {fileID: 0}
    - target: {fileID: 1726331421474756850, guid: ae2d1b2b144efd44d869a91a9665dfae,
        type: 3}
      propertyPath: m_LocalRotation.x
      value: -0
      objectReference: {fileID: 0}
    - target: {fileID: 1726331421474756850, guid: ae2d1b2b144efd44d869a91a9665dfae,
        type: 3}
      propertyPath: m_LocalRotation.y
      value: -0
      objectReference: {fileID: 0}
    - target: {fileID: 1726331421474756850, guid: ae2d1b2b144efd44d869a91a9665dfae,
        type: 3}
      propertyPath: m_LocalRotation.z
      value: -0
      objectReference: {fileID: 0}
    - target: {fileID: 1726331421474756850, guid: ae2d1b2b144efd44d869a91a9665dfae,
        type: 3}
      propertyPath: m_LocalRotation.w
      value: 1
      objectReference: {fileID: 0}
    - target: {fileID: 1726331421474756850, guid: ae2d1b2b144efd44d869a91a9665dfae,
        type: 3}
      propertyPath: m_RootOrder
      value: 6
      objectReference: {fileID: 0}
    - target: {fileID: 1726331421474756850, guid: ae2d1b2b144efd44d869a91a9665dfae,
        type: 3}
      propertyPath: m_LocalEulerAnglesHint.x
      value: 0
      objectReference: {fileID: 0}
    - target: {fileID: 1726331421474756850, guid: ae2d1b2b144efd44d869a91a9665dfae,
        type: 3}
      propertyPath: m_LocalEulerAnglesHint.y
      value: 0
      objectReference: {fileID: 0}
    - target: {fileID: 1726331421474756850, guid: ae2d1b2b144efd44d869a91a9665dfae,
        type: 3}
      propertyPath: m_LocalEulerAnglesHint.z
      value: 0
      objectReference: {fileID: 0}
    - target: {fileID: 5641778806470054363, guid: ae2d1b2b144efd44d869a91a9665dfae,
        type: 3}
      propertyPath: m_Name
      value: groin-arousal-light (6)
      objectReference: {fileID: 0}
    m_RemovedComponents: []
  m_SourcePrefab: {fileID: 100100000, guid: ae2d1b2b144efd44d869a91a9665dfae, type: 3}
--- !u!4 &4533217928339590962 stripped
Transform:
  m_CorrespondingSourceObject: {fileID: 1726331421474756850, guid: ae2d1b2b144efd44d869a91a9665dfae,
    type: 3}
  m_PrefabInstance: {fileID: 2962261312534747072}
  m_PrefabAsset: {fileID: 0}
--- !u!212 &4477514504659036405 stripped
SpriteRenderer:
  m_CorrespondingSourceObject: {fileID: 1675131528685322037, guid: ae2d1b2b144efd44d869a91a9665dfae,
    type: 3}
  m_PrefabInstance: {fileID: 2962261312534747072}
  m_PrefabAsset: {fileID: 0}
--- !u!1001 &2962261313093675733
PrefabInstance:
  m_ObjectHideFlags: 0
  serializedVersion: 2
  m_Modification:
    m_TransformParent: {fileID: 2962261313390255744}
    m_Modifications:
    - target: {fileID: 1726331421474756850, guid: ae2d1b2b144efd44d869a91a9665dfae,
        type: 3}
      propertyPath: m_LocalPosition.x
      value: 22.4
      objectReference: {fileID: 0}
    - target: {fileID: 1726331421474756850, guid: ae2d1b2b144efd44d869a91a9665dfae,
        type: 3}
      propertyPath: m_LocalPosition.y
      value: -15.8
      objectReference: {fileID: 0}
    - target: {fileID: 1726331421474756850, guid: ae2d1b2b144efd44d869a91a9665dfae,
        type: 3}
      propertyPath: m_LocalPosition.z
      value: 0
      objectReference: {fileID: 0}
    - target: {fileID: 1726331421474756850, guid: ae2d1b2b144efd44d869a91a9665dfae,
        type: 3}
      propertyPath: m_LocalRotation.x
      value: -0
      objectReference: {fileID: 0}
    - target: {fileID: 1726331421474756850, guid: ae2d1b2b144efd44d869a91a9665dfae,
        type: 3}
      propertyPath: m_LocalRotation.y
      value: -0
      objectReference: {fileID: 0}
    - target: {fileID: 1726331421474756850, guid: ae2d1b2b144efd44d869a91a9665dfae,
        type: 3}
      propertyPath: m_LocalRotation.z
      value: -0
      objectReference: {fileID: 0}
    - target: {fileID: 1726331421474756850, guid: ae2d1b2b144efd44d869a91a9665dfae,
        type: 3}
      propertyPath: m_LocalRotation.w
      value: 1
      objectReference: {fileID: 0}
    - target: {fileID: 1726331421474756850, guid: ae2d1b2b144efd44d869a91a9665dfae,
        type: 3}
      propertyPath: m_RootOrder
      value: 4
      objectReference: {fileID: 0}
    - target: {fileID: 1726331421474756850, guid: ae2d1b2b144efd44d869a91a9665dfae,
        type: 3}
      propertyPath: m_LocalEulerAnglesHint.x
      value: 0
      objectReference: {fileID: 0}
    - target: {fileID: 1726331421474756850, guid: ae2d1b2b144efd44d869a91a9665dfae,
        type: 3}
      propertyPath: m_LocalEulerAnglesHint.y
      value: 0
      objectReference: {fileID: 0}
    - target: {fileID: 1726331421474756850, guid: ae2d1b2b144efd44d869a91a9665dfae,
        type: 3}
      propertyPath: m_LocalEulerAnglesHint.z
      value: 0
      objectReference: {fileID: 0}
    - target: {fileID: 5641778806470054363, guid: ae2d1b2b144efd44d869a91a9665dfae,
        type: 3}
      propertyPath: m_Name
      value: groin-arousal-light (4)
      objectReference: {fileID: 0}
    m_RemovedComponents: []
  m_SourcePrefab: {fileID: 100100000, guid: ae2d1b2b144efd44d869a91a9665dfae, type: 3}
--- !u!4 &4533217928929980967 stripped
Transform:
  m_CorrespondingSourceObject: {fileID: 1726331421474756850, guid: ae2d1b2b144efd44d869a91a9665dfae,
    type: 3}
  m_PrefabInstance: {fileID: 2962261313093675733}
  m_PrefabAsset: {fileID: 0}
--- !u!212 &4477514505173915104 stripped
SpriteRenderer:
  m_CorrespondingSourceObject: {fileID: 1675131528685322037, guid: ae2d1b2b144efd44d869a91a9665dfae,
    type: 3}
  m_PrefabInstance: {fileID: 2962261313093675733}
  m_PrefabAsset: {fileID: 0}
--- !u!1001 &2962261313422930655
PrefabInstance:
  m_ObjectHideFlags: 0
  serializedVersion: 2
  m_Modification:
    m_TransformParent: {fileID: 2962261313390255744}
    m_Modifications:
    - target: {fileID: 1675131528685322037, guid: ae2d1b2b144efd44d869a91a9665dfae,
        type: 3}
      propertyPath: m_SortingLayerID
      value: 1795597123
      objectReference: {fileID: 0}
    - target: {fileID: 1675131528685322037, guid: ae2d1b2b144efd44d869a91a9665dfae,
        type: 3}
      propertyPath: m_SortingLayer
      value: 4
      objectReference: {fileID: 0}
    - target: {fileID: 1726331421474756850, guid: ae2d1b2b144efd44d869a91a9665dfae,
        type: 3}
      propertyPath: m_LocalPosition.x
      value: 31.3
      objectReference: {fileID: 0}
    - target: {fileID: 1726331421474756850, guid: ae2d1b2b144efd44d869a91a9665dfae,
        type: 3}
      propertyPath: m_LocalPosition.y
      value: 3.1
      objectReference: {fileID: 0}
    - target: {fileID: 1726331421474756850, guid: ae2d1b2b144efd44d869a91a9665dfae,
        type: 3}
      propertyPath: m_LocalPosition.z
      value: 0
      objectReference: {fileID: 0}
    - target: {fileID: 1726331421474756850, guid: ae2d1b2b144efd44d869a91a9665dfae,
        type: 3}
      propertyPath: m_LocalRotation.x
      value: -0
      objectReference: {fileID: 0}
    - target: {fileID: 1726331421474756850, guid: ae2d1b2b144efd44d869a91a9665dfae,
        type: 3}
      propertyPath: m_LocalRotation.y
      value: -0
      objectReference: {fileID: 0}
    - target: {fileID: 1726331421474756850, guid: ae2d1b2b144efd44d869a91a9665dfae,
        type: 3}
      propertyPath: m_LocalRotation.z
      value: -0
      objectReference: {fileID: 0}
    - target: {fileID: 1726331421474756850, guid: ae2d1b2b144efd44d869a91a9665dfae,
        type: 3}
      propertyPath: m_LocalRotation.w
      value: 1
      objectReference: {fileID: 0}
    - target: {fileID: 1726331421474756850, guid: ae2d1b2b144efd44d869a91a9665dfae,
        type: 3}
      propertyPath: m_RootOrder
      value: 2
      objectReference: {fileID: 0}
    - target: {fileID: 1726331421474756850, guid: ae2d1b2b144efd44d869a91a9665dfae,
        type: 3}
      propertyPath: m_LocalEulerAnglesHint.x
      value: 0
      objectReference: {fileID: 0}
    - target: {fileID: 1726331421474756850, guid: ae2d1b2b144efd44d869a91a9665dfae,
        type: 3}
      propertyPath: m_LocalEulerAnglesHint.y
      value: 0
      objectReference: {fileID: 0}
    - target: {fileID: 1726331421474756850, guid: ae2d1b2b144efd44d869a91a9665dfae,
        type: 3}
      propertyPath: m_LocalEulerAnglesHint.z
      value: 0
      objectReference: {fileID: 0}
    - target: {fileID: 5641778806470054363, guid: ae2d1b2b144efd44d869a91a9665dfae,
        type: 3}
      propertyPath: m_Name
      value: groin-arousal-light (2)
      objectReference: {fileID: 0}
    m_RemovedComponents: []
  m_SourcePrefab: {fileID: 100100000, guid: ae2d1b2b144efd44d869a91a9665dfae, type: 3}
--- !u!4 &4533217929141791277 stripped
Transform:
  m_CorrespondingSourceObject: {fileID: 1726331421474756850, guid: ae2d1b2b144efd44d869a91a9665dfae,
    type: 3}
  m_PrefabInstance: {fileID: 2962261313422930655}
  m_PrefabAsset: {fileID: 0}
--- !u!212 &4477514505368948202 stripped
SpriteRenderer:
  m_CorrespondingSourceObject: {fileID: 1675131528685322037, guid: ae2d1b2b144efd44d869a91a9665dfae,
    type: 3}
  m_PrefabInstance: {fileID: 2962261313422930655}
  m_PrefabAsset: {fileID: 0}
--- !u!1001 &2962261313530248013
PrefabInstance:
  m_ObjectHideFlags: 0
  serializedVersion: 2
  m_Modification:
    m_TransformParent: {fileID: 2962261313390255744}
    m_Modifications:
    - target: {fileID: 1675131528685322037, guid: ae2d1b2b144efd44d869a91a9665dfae,
        type: 3}
      propertyPath: m_SortingLayer
      value: 2
      objectReference: {fileID: 0}
    - target: {fileID: 1726331421474756850, guid: ae2d1b2b144efd44d869a91a9665dfae,
        type: 3}
      propertyPath: m_LocalPosition.x
      value: -33.26
      objectReference: {fileID: 0}
    - target: {fileID: 1726331421474756850, guid: ae2d1b2b144efd44d869a91a9665dfae,
        type: 3}
      propertyPath: m_LocalPosition.y
      value: -21.63
      objectReference: {fileID: 0}
    - target: {fileID: 1726331421474756850, guid: ae2d1b2b144efd44d869a91a9665dfae,
        type: 3}
      propertyPath: m_LocalPosition.z
      value: 0
      objectReference: {fileID: 0}
    - target: {fileID: 1726331421474756850, guid: ae2d1b2b144efd44d869a91a9665dfae,
        type: 3}
      propertyPath: m_LocalRotation.x
      value: -0
      objectReference: {fileID: 0}
    - target: {fileID: 1726331421474756850, guid: ae2d1b2b144efd44d869a91a9665dfae,
        type: 3}
      propertyPath: m_LocalRotation.y
      value: -0
      objectReference: {fileID: 0}
    - target: {fileID: 1726331421474756850, guid: ae2d1b2b144efd44d869a91a9665dfae,
        type: 3}
      propertyPath: m_LocalRotation.z
      value: -0
      objectReference: {fileID: 0}
    - target: {fileID: 1726331421474756850, guid: ae2d1b2b144efd44d869a91a9665dfae,
        type: 3}
      propertyPath: m_LocalRotation.w
      value: 1
      objectReference: {fileID: 0}
    - target: {fileID: 1726331421474756850, guid: ae2d1b2b144efd44d869a91a9665dfae,
        type: 3}
      propertyPath: m_RootOrder
      value: 0
      objectReference: {fileID: 0}
    - target: {fileID: 1726331421474756850, guid: ae2d1b2b144efd44d869a91a9665dfae,
        type: 3}
      propertyPath: m_LocalEulerAnglesHint.x
      value: 0
      objectReference: {fileID: 0}
    - target: {fileID: 1726331421474756850, guid: ae2d1b2b144efd44d869a91a9665dfae,
        type: 3}
      propertyPath: m_LocalEulerAnglesHint.y
      value: 0
      objectReference: {fileID: 0}
    - target: {fileID: 1726331421474756850, guid: ae2d1b2b144efd44d869a91a9665dfae,
        type: 3}
      propertyPath: m_LocalEulerAnglesHint.z
      value: 0
      objectReference: {fileID: 0}
    - target: {fileID: 5366204013628100716, guid: ae2d1b2b144efd44d869a91a9665dfae,
        type: 3}
      propertyPath: OnActivation.m_PersistentCalls.m_Calls.Array.data[0].m_Target
      value: 
      objectReference: {fileID: 4477514505542321272}
    - target: {fileID: 5366204013628100716, guid: ae2d1b2b144efd44d869a91a9665dfae,
        type: 3}
      propertyPath: OnActivation.m_PersistentCalls.m_Calls.Array.data[0].m_MethodName
      value: set_sprite
      objectReference: {fileID: 0}
    - target: {fileID: 5366204013628100716, guid: ae2d1b2b144efd44d869a91a9665dfae,
        type: 3}
      propertyPath: OnActivation.m_PersistentCalls.m_Calls.Array.data[0].m_Mode
      value: 2
      objectReference: {fileID: 0}
    - target: {fileID: 5366204013628100716, guid: ae2d1b2b144efd44d869a91a9665dfae,
        type: 3}
      propertyPath: OnActivation.m_PersistentCalls.m_Calls.Array.data[0].m_Arguments.m_ObjectArgumentAssemblyTypeName
      value: UnityEngine.Sprite, UnityEngine
      objectReference: {fileID: 0}
    - target: {fileID: 5366204013628100716, guid: ae2d1b2b144efd44d869a91a9665dfae,
        type: 3}
      propertyPath: OnActivation.m_PersistentCalls.m_Calls.Array.data[0].m_Arguments.m_ObjectArgument
      value: 
      objectReference: {fileID: 21300000, guid: 1053f32d07e797e4baef43f3882c12c9,
        type: 3}
    - target: {fileID: 5641778806470054363, guid: ae2d1b2b144efd44d869a91a9665dfae,
        type: 3}
      propertyPath: m_Name
      value: groin-arousal-light
      objectReference: {fileID: 0}
    m_RemovedComponents: []
  m_SourcePrefab: {fileID: 100100000, guid: ae2d1b2b144efd44d869a91a9665dfae, type: 3}
--- !u!4 &4533217929231279039 stripped
Transform:
  m_CorrespondingSourceObject: {fileID: 1726331421474756850, guid: ae2d1b2b144efd44d869a91a9665dfae,
    type: 3}
  m_PrefabInstance: {fileID: 2962261313530248013}
  m_PrefabAsset: {fileID: 0}
--- !u!212 &4477514505542321272 stripped
SpriteRenderer:
  m_CorrespondingSourceObject: {fileID: 1675131528685322037, guid: ae2d1b2b144efd44d869a91a9665dfae,
    type: 3}
  m_PrefabInstance: {fileID: 2962261313530248013}
  m_PrefabAsset: {fileID: 0}
